% Encoding: UTF-8
@InProceedings{henzinger1995hytech,
  author       = {Henzinger, Thomas A and Ho, Pei-Hsin and Wong-Toi, Howard},
  title        = {HyTech: the next generation},
  booktitle    = {Real-Time Systems Symposium, 1995. Proceedings., 16th IEEE},
  year         = {1995},
  pages        = {56--65},
  organization = {IEEE},
}

@InProceedings{pinto2006neptus,
  author    = {Pinto, Jos{\'e} Queir{\'o}s and Dias, Paulo Sousa and Gon{\c{c}}alves, Rui and Gon{\c{c}}alves, Gil Manuel and Sousa, Jo{\~a}o Tasso de Figueiredo Borges and Pereira, Fernando Lobo and others},
  title     = {Neptus a framework to support a mission life cycle},
  booktitle = {Proceedings of the 7th Conference on Manoeuvring and Control of Marine Craft},
  year      = {2006},
}

@InCollection{daws1996tool,
  author    = {Daws, Conrado and Olivero, Alfredo and Tripakis, Stavros and Yovine, Sergio},
  title     = {The tool KRONOS},
  booktitle = {Hybrid Systems III},
  publisher = {Springer},
  year      = {1996},
  pages     = {208--219},
}

@Article{henzinger1994symbolic,
  author    = {Henzinger, Thomas A and Nicollin, Xavier and Sifakis, Joseph and Yovine, Sergio},
  title     = {Symbolic model checking for real-time systems},
  journal   = {Information and computation},
  year      = {1994},
  volume    = {111},
  number    = {2},
  pages     = {193--244},
  publisher = {Elsevier},
}

@Article{leitmann1982optimality,
  author    = {Leitmann, G},
  title     = {Optimality and reachability via feedback controls},
  journal   = {Dynamic systems and mycrophysics},
  year      = {1982},
  pages     = {119--141},
  publisher = {Academic Press: NY},
}

@Article{pontryagin1962ef,
  author  = {Pontryagin, LS and Boltyanskii, VG and Gamkrelidze, RV},
  title   = {EF Mischenko The Mathematical Theory of Optimal Processes (English translation by K. N. Trirogoff)},
  journal = {Interscience, New York},
  year    = {1962},
}

@Book{girsanov2012lectures,
  title     = {Lectures on mathematical theory of extremum problems},
  publisher = {Springer Science \& Business Media},
  year      = {2012},
  author    = {Girsanov, Igor Vladimirovich},
  volume    = {67},
}

@Book{bardi2008optimal,
  title     = {Optimal control and viscosity solutions of Hamilton-Jacobi-Bellman equations},
  publisher = {Springer Science \& Business Media},
  year      = {2008},
  author    = {Bardi, Martino and Capuzzo-Dolcetta, Italo},
}


@Book{game1987,
  title     = {Game-theoretical control problems},
  publisher = {Springer-Verlag New York, Inc.},
  year      = {1987},
  author    = {Krasovskij, Nikolai Nikolaevich and Subbotin, Andrei Izmailovich and Kotz, Samuel},
}

@Misc{game1988,
  author    = {Krasovskii, NN and Subbotin, AI},
  title     = {Game-theoretical control problems. Translated from the Russian by Samuel Kotz},
  year      = {1988},
  publisher = {Springer Series in Soviet Mathematics. Springer-Verlag, New York},
}

@Article{sabatini2014lidar,
  author    = {Sabatini, Roberto and Gardi, Alessandro and Richardson, Mark A},
  title     = {LIDAR obstacle warning and avoidance system for unmanned aircraft},
  journal   = {International Journal of Mechanical, Aerospace, Industrial and Mechatronics Engineering},
  year      = {2014},
  volume    = {8},
  number    = {4},
  pages     = {702--713},
  publisher = {World Academy of Science, Engineering and Technology},
}


@Article{sabatini2013low,
  author    = {Sabatini, Roberto and Ramasamy, Subramanian and Gardi, Alessandro and Salazar, Leopoldo Rodriguez},
  title     = {Low-cost sensors data fusion for small size unmanned aerial vehicles navigation and guidance},
  journal   = {International Journal of Unmanned Systems Engineering.},
  year      = {2013},
  volume    = {1},
  number    = {3},
  pages     = {16},
  publisher = {Unmanned Vehicle University},
}

@Article{sabatini2014navigation,
  author  = {Sabatini, Roberto and Bartel, Celia and Kaharkar, Anish and Shaid, Tesheen and Ramasamy, Subramanian},
  title   = {Navigation and guidance system architectures for small unmanned aircraft applications},
  journal = {International Journal of Mechanical, Industrial Science and Engineering},
  year    = {2014},
  volume  = {8},
  number  = {4},
  pages   = {733--752},
}

@InProceedings{pinto2013lsts,
  author       = {Pinto, Jos{\'e} and Dias, Paulo S and Martins, Ricardo and Fortuna, Joao and Marques, Eduardo and Sousa, Joao},
  title        = {The LSTS toolchain for networked vehicle systems},
  booktitle    = {OCEANS-Bergen, 2013 MTS/IEEE},
  year         = {2013},
  pages        = {1--9},
  organization = {IEEE},
}

@Article{spriesterbach2013unmanned,
  author  = {Spriesterbach, Thomas P and Bruns, Kelly A and Baron, Lauren I and Sohlke, Jason E},
  title   = {Unmanned Aircraft System Airspace Integration in the National Airspace Using a Ground-Based Sense and Avoid System},
  journal = {Johns Hopkins APL Technical Digest},
  year    = {2013},
  volume  = {32},
  number  = {3},
  pages   = {572--583},
}

@InProceedings{martins2009imc,
  author       = {Martins, Ricardo and Dias, Paulo Sousa and Marques, Eduardo RB and Pinto, Jos{\'e} and Sousa, Joao B and Pereira, Fernando L},
  title        = {IMC: A communication protocol for networked vehicles and sensors},
  booktitle    = {Oceans 2009-Europe},
  year         = {2009},
  pages        = {1--6},
  organization = {IEEE},
}

@InProceedings{merani2011underwater,
  author       = {Merani, Diego and Berni, Alessandro and Potter, John and Martins, Ricardo},
  title        = {An underwater convergence layer for disruption tolerant networking},
  booktitle    = {Internet Communications (BCFIC Riga), 2011 Baltic Congress on Future},
  year         = {2011},
  pages        = {103--108},
  organization = {IEEE},
}

@InCollection{rajan2013towards,
  author    = {Rajan, Kanna and Py, Fr{\'e}d{\'e}ric and Barreiro, Javier},
  title     = {Towards deliberative control in marine robotics},
  booktitle = {Marine Robot Autonomy},
  publisher = {Springer},
  year      = {2013},
  pages     = {91--175},
}

@InProceedings{ramasamy2013novel,
  author    = {Ramasamy, Subramanian and Sabatini, Roberto and Gardi, A and Liu, Yifang},
  title     = {Novel flight management system for real-time 4-dimensional trajectory based operations},
  booktitle = {proceedings of AIAA Guidance, Navigation, and Control Conference},
  year      = {2013},
}

@InProceedings{ramasamy2014towards,
  author    = {Ramasamy, Subramanian and Sabatini, Roberto and Gardi, Alessandro},
  title     = {Towards a unified approach to cooperative and non-cooperative RPAS detect-and-avoid},
  booktitle = {Fourth Australasian Unmanned Systems Conference},
  year      = {2014},
}

@Article{kurzhanski2001dynamic,
  author    = {Kurzhanski, Alexander B. and Varaiya, Pravin},
  title     = {Dynamic optimization for reachability problems},
  journal   = {Journal of Optimization Theory and Applications},
  year      = {2001},
  volume    = {108},
  number    = {2},
  pages     = {227--251},
  publisher = {Springer},
}

@Article{tomlin2000game,
  author    = {Tomlin, Claire J and Lygeros, John and Sastry, S Shankar},
  title     = {A game theoretic approach to controller design for hybrid systems},
  journal   = {Proceedings of the IEEE},
  year      = {2000},
  volume    = {88},
  number    = {7},
  pages     = {949--970},
  publisher = {IEEE},
}

@InCollection{varaiya2000reach,
  author    = {Varaiya, Pravin},
  title     = {Reach set computation using optimal control},
  booktitle = {Verification of Digital and Hybrid Systems},
  publisher = {Springer},
  year      = {2000},
  pages     = {323--331},
}

@InProceedings{prandini2008application,
  author       = {Prandini, Maria and Hu, Jianghai},
  title        = {Application of reachability analysis for stochastic hybrid systems to aircraft conflict prediction},
  booktitle    = {Decision and Control, 2008. CDC 2008. 47th IEEE Conference on},
  year         = {2008},
  pages        = {4036--4041},
  organization = {IEEE},
}


@Misc{allesandeti2016virtualArena,
  title        = {Virtual arena MPC framework for advanced UAV-UAS simulations},
  howpublished = {\url{https://github.com/andreaalessandretti/VirtualArena}},
  note         = {Accessed: 2016-05-30},
}

@Article{alessandrettinotes,
  author = {Alessandretti, Andrea},
  title  = {Notes on Trajectory-tracking and Path-following Controllers for Constrained Underactuated Vehicles using Model Predictive Control},
}

@Book{stevens2015aircraft,
  title     = {Aircraft Control and Simulation: Dynamics, Controls Design, and Autonomous Systems},
  publisher = {John Wiley \& Sons},
  year      = {2015},
  author    = {Stevens, Brian L and Lewis, Frank L and Johnson, Eric N},
}

@Article{goerzen2010survey,
  author    = {Goerzen, Chad and Kong, Zhaodan and Mettler, Bernard},
  title     = {A survey of motion planning algorithms from the perspective of autonomous UAV guidance},
  journal   = {Journal of Intelligent and Robotic Systems},
  year      = {2010},
  volume    = {57},
  number    = {1-4},
  pages     = {65--100},
  publisher = {Springer},
}

@Book{sommerville2016analytical,
  title     = {Analytical geometry of three dimensions},
  publisher = {Cambridge University Press},
  year      = {2016},
  author    = {Sommerville, Duncan Mclaren Young},
}

@InProceedings{shamos1975closest,
  author       = {Shamos, Michael Ian and Hoey, Dan},
  title        = {Closest-point problems},
  booktitle    = {Foundations of Computer Science, 1975., 16th Annual Symposium on},
  year         = {1975},
  pages        = {151--162},
  organization = {IEEE},
}

@Article{bentley1980optimal,
  author    = {Bentley, Jon Louis and Weide, Bruce W and Yao, Andrew C},
  title     = {Optimal expected-time algorithms for closest point problems},
  journal   = {ACM Transactions on Mathematical Software (TOMS)},
  year      = {1980},
  volume    = {6},
  number    = {4},
  pages     = {563--580},
  publisher = {ACM},
}

@Article{borenstein1991vector,
  author    = {Borenstein, Johann and Koren, Yoram},
  title     = {The vector field histogram-fast obstacle avoidance for mobile robots},
  journal   = {IEEE Transactions on Robotics and Automation},
  year      = {1991},
  volume    = {7},
  number    = {3},
  pages     = {278--288},
  publisher = {IEEE},
}

@InProceedings{koren1991potential,
  author       = {Koren, Yoram and Borenstein, Johann},
  title        = {Potential field methods and their inherent limitations for mobile robot navigation},
  booktitle    = {Robotics and Automation, 1991. Proceedings., 1991 IEEE International Conference on},
  year         = {1991},
  pages        = {1398--1404},
  organization = {IEEE},
}

@InProceedings{zaiane2002clustering,
  author       = {Za{\"\i}ane, Osmar R and Lee, Chi-Hoon},
  title        = {Clustering spatial data when facing physical constraints},
  booktitle    = {Data Mining, 2002. ICDM 2003. Proceedings. 2002 IEEE International Conference on},
  year         = {2002},
  pages        = {737--740},
  organization = {IEEE},
}

@Article{esposito1997comparative,
  author    = {Esposito, Floriana and Malerba, Donato and Semeraro, Giovanni and Kay, J},
  title     = {A comparative analysis of methods for pruning decision trees},
  journal   = {IEEE transactions on pattern analysis and machine intelligence},
  year      = {1997},
  volume    = {19},
  number    = {5},
  pages     = {476--491},
  publisher = {IEEE},
}

@InProceedings{benjamin2006navigation,
  author       = {Benjamin, Michael R and Curcio, Joseph A and Leonard, John J and Newman, Paul M},
  title        = {Navigation of unmanned marine vehicles in accordance with the rules of the road},
  booktitle    = {Robotics and Automation, 2006. ICRA 2006. Proceedings 2006 IEEE International Conference on},
  year         = {2006},
  pages        = {3581--3587},
  organization = {IEEE},
}


@Article{fiorini1998motion,
  author    = {Fiorini, Paolo and Shiller, Zvi},
  title     = {Motion planning in dynamic environments using velocity obstacles},
  journal   = {The International Journal of Robotics Research},
  year      = {1998},
  volume    = {17},
  number    = {7},
  pages     = {760--772},
  publisher = {Sage Publications Sage CA: Thousand Oaks, CA},
}

@Book{hentenryck2009constraint,
  title     = {Constraint-based local search},
  publisher = {The MIT press},
  year      = {2009},
  author    = {Hentenryck, Pascal Van and Michel, Laurent},
}

@Misc{lazar2006model,
  author  = {Lazar, Mircea},
  title   = {Model predictive control of hybrid systems: Stability and robustness},
  year    = {2006},
  journal = {Dissertation Abstracts International},
  number  = {01},
  volume  = {68},
}

@Article{borrelli2006mpc,
  author    = {Borrelli, Francesco and Bemporad, Alberto and Fodor, Michael and Hrovat, Davor},
  title     = {An MPC/hybrid system approach to traction control},
  journal   = {IEEE Transactions on Control Systems Technology},
  year      = {2006},
  volume    = {14},
  number    = {3},
  pages     = {541--552},
  publisher = {IEEE},
}

@InProceedings{chen1997game,
  author       = {Chen, Hong and Scherer, Carsten W and Allgower, F},
  title        = {A game theoretic approach to nonlinear robust receding horizon control of constrained systems},
  booktitle    = {American Control Conference, 1997. Proceedings of the 1997},
  year         = {1997},
  volume       = {5},
  pages        = {3073--3077},
  organization = {IEEE},
}

@Article{ramasamy2014next,
  author    = {Ramasamy, Subramanian and Sabatini, Roberto and Gardi, Alessandro and Kistan, Trevor},
  title     = {Next generation flight management system for real-time trajectory based operations},
  journal   = {Applied Mechanics and Materials},
  year      = {2014},
  volume    = {629},
  pages     = {344--349},
  publisher = {Scientific. Net},
}

@Article{chynchenko2016remotely,
  author  = {Chynchenko, Yuriy and Shmelova, Tatyana and Chynchenko, Oksana},
  title   = {Remotely piloted aircraft systems operations under uncertainty conditions},
  journal = {Proceedings of the National Aviation University},
  year    = {2016},
  volume  = {1},
  number  = {1},
  pages   = {18--22},
}

@InProceedings{shmelova2016modeling,
  author       = {Shmelova, T and Bondarev, D and Znakovska, Y},
  title        = {Modeling of the decision making by UAV's operator in emergency situations},
  booktitle    = {Methods and Systems of Navigation and Motion Control (MSNMC), 2016 4th International Conference on},
  year         = {2016},
  volume       = {1},
  pages        = {31--34},
  organization = {IEEE},
}

@Article{kharchenko2017modelling,
  author  = {Kharchenko, Volodymyr and Shmelova, Tatyana and Znakovska, Yevgeniya and Bondarev, Dmitriy and Stratiy, Andriy},
  title   = {Modelling of Decision Making of Unmanned Aerial Vehicle's Operator in Emergency Situations},
  journal = {Proceedings of the National aviation university},
  year    = {2017},
  volume  = {1},
  number  = {1},
  pages   = {20--28},
}

@InProceedings{kim2007uav,
  author       = {Kim, Kwang-Yeon and Park, Jung-Woo and Tahk, Min-Jea},
  title        = {UAV collision avoidance using probabilistic method in 3-D},
  booktitle    = {Control, Automation and Systems, 2007. ICCAS'07. International Conference on},
  year         = {2007},
  pages        = {826--829},
  organization = {IEEE},
}

@Article{vidal2002probabilistic,
  author    = {Vidal, Rene and Shakernia, Omid and Kim, H Jin and Shim, David Hyunchul and Sastry, Shankar},
  title     = {Probabilistic pursuit-evasion games: theory, implementation, and experimental evaluation},
  journal   = {IEEE transactions on robotics and automation},
  year      = {2002},
  volume    = {18},
  number    = {5},
  pages     = {662--669},
  publisher = {IEEE},
}

@Article{pfeiffer2005path,
  author  = {Pfeiffer, Barbara and Batta, Rajan and Klamroth, Kathrin and Nagi, Rakesh},
  title   = {Path planning for UAVs in the presence of threat zones using probabilistic modeling},
  journal = {IEEE Trans. Autom. Control},
  year    = {2005},
  volume  = {43},
  pages   = {278--283},
}

@Article{kothari2013probabilistically,
  author    = {Kothari, Mangal and Postlethwaite, Ian},
  title     = {A probabilistically robust path planning algorithm for UAVs using rapidly-exploring random trees},
  journal   = {Journal of Intelligent \& Robotic Systems},
  year      = {2013},
  pages     = {1--23},
  publisher = {Springer},
}

@InProceedings{blackmore2006probabilistic,
  author       = {Blackmore, Lars and Li, Hui and Williams, Brian},
  title        = {A probabilistic approach to optimal robust path planning with obstacles},
  booktitle    = {American Control Conference, 2006},
  year         = {2006},
  pages        = {7--pp},
  organization = {IEEE},
}

@Article{lavalle2004relationship,
  author    = {LaValle, Steven M and Branicky, Michael S and Lindemann, Stephen R},
  title     = {On the relationship between classical grid search and probabilistic roadmaps},
  journal   = {The International Journal of Robotics Research},
  year      = {2004},
  volume    = {23},
  number    = {7-8},
  pages     = {673--692},
  publisher = {SAGE Publications},
}

@Article{gessel1986probabilistic,
  author    = {Gessel, Ira M},
  title     = {A probabilistic method for lattice path enumeration},
  journal   = {Journal of statistical planning and inference},
  year      = {1986},
  volume    = {14},
  number    = {1},
  pages     = {49--58},
  publisher = {Elsevier},
}

@Article{hirota1981concepts,
  author    = {Hirota, Kaoru},
  title     = {Concepts of probabilistic sets},
  journal   = {Fuzzy sets and systems},
  year      = {1981},
  volume    = {5},
  number    = {1},
  pages     = {31--46},
  publisher = {Elsevier},
}

@Article{hoekstra2002designing,
  author    = {Hoekstra, Jacco M and van Gent, Ronald NHW and Ruigrok, Rob CJ},
  title     = {Designing for safety: the ‘free flight’air traffic management concept},
  journal   = {Reliability Engineering \& System Safety},
  year      = {2002},
  volume    = {75},
  number    = {2},
  pages     = {215--232},
  publisher = {Elsevier},
}

@Book{gustafsson2010statistical,
  title     = {Statistical sensor fusion},
  publisher = {Studentlitteratur,},
  year      = {2010},
  author    = {Gustafsson, Fredrik},
}


@InProceedings{shaw1998using,
  author       = {Shaw, Paul},
  title        = {Using constraint programming and local search methods to solve vehicle routing problems},
  booktitle    = {International Conference on Principles and Practice of Constraint Programming},
  year         = {1998},
  pages        = {417--431},
  organization = {Springer},
}

@InCollection{birmingham1988tree,
  author    = {Birmingham, John and Kent, Peter},
  title     = {Tree-searching and tree-pruning techniques},
  booktitle = {Computer chess compendium},
  publisher = {Springer},
  year      = {1988},
  pages     = {123--128},
}

@Article{o1996log,
  author    = {O’Neil, Patrick and Cheng, Edward and Gawlick, Dieter and O’Neil, Elizabeth},
  title     = {The log-structured merge-tree (LSM-tree)},
  journal   = {Acta Informatica},
  year      = {1996},
  volume    = {33},
  number    = {4},
  pages     = {351--385},
  publisher = {Springer},
}

@InProceedings{dias2006mission,
  author       = {Dias, Paulo Sousa and Gomes, Rui MF and Pinto, Jos{\'e}},
  title        = {Mission planning and specification in the Neptus framework},
  booktitle    = {Robotics and Automation, 2006. ICRA 2006. Proceedings 2006 IEEE International Conference on},
  year         = {2006},
  pages        = {3220--3225},
  organization = {IEEE},
}

@InProceedings{dias2005neptus,
  author       = {Dias, Paulo Sousa and Fraga, Sergio Loureiro and Gomes, Rui MF and Goncalves, Gil M and Pereira, Fernando Lobo and Pinto, Jose and Sousa, Joao Borges},
  title        = {Neptus-a framework to support multiple vehicle operation},
  booktitle    = {Oceans 2005-Europe},
  year         = {2005},
  volume       = {2},
  pages        = {963--968},
  organization = {IEEE},
}

@TechReport{gomola2017optimal,
  author      = {Gomola, Alojz},
  title       = {Optimal path finding for UAV in partially known enviroment},
  institution = {FEUP},
  year        = {2017},
}

@Article{lawrence1991polytope,
  author  = {Lawrence, Jim},
  title   = {Polytope volume computation},
  journal = {Mathematics of Computation},
  year    = {1991},
  volume  = {57},
  number  = {195},
  pages   = {259--271},
}

@InProceedings{frazzoli2000trajectory,
  author       = {Frazzoli, Emilio and Dahleh, Munther A and Feron, Eric},
  title        = {Trajectory tracking control design for autonomous helicopters using a backstepping algorithm},
  booktitle    = {American Control Conference, 2000. Proceedings of the 2000},
  year         = {2000},
  volume       = {6},
  pages        = {4102--4107},
  organization = {IEEE},
}


@phdthesis{frazzoli2001robust,
  title={Robust hybrid control for autonomous vehicle motion planning},
  author={Frazzoli, Emilio},
  year={2001},
  school={Massachusetts Institute of Technology}
}

@Article{samelson1958partition,
  author    = {Samelson, Hans and Thrall, Robert M and Wesler, Oscar},
  title     = {A partition theorem for Euclidean n-space},
  journal   = {Proceedings of the American Mathematical Society},
  year      = {1958},
  volume    = {9},
  number    = {5},
  pages     = {805--807},
  publisher = {JSTOR},
}

@Article{bayen2005langrangian,
  author  = {Bayen, Alexandre and Grieder, Pascal and Meyer, George and Tomlin, Claire J},
  title   = {Langrangian delay predictive model for sector-based air traffic flow},
  journal = {Journal of guidance, control, and dynamics},
  year    = {2005},
  volume  = {28},
  number  = {5},
  pages   = {1015--1026},
}

@InProceedings{kopardekar2002dynamic,
  author       = {Kopardekar, Parimal and Magyarits, Sherri},
  title        = {Dynamic density: measuring and predicting sector complexity [ATC]},
  booktitle    = {Digital Avionics Systems Conference, 2002. Proceedings. The 21st},
  year         = {2002},
  volume       = {1},
  pages        = {2C4--2C4},
  organization = {IEEE},
}

@InProceedings{helme1992optimization,
  author       = {Helme, MP and Lindsay, K and Massimini, SV and Booth, G},
  title        = {Optimization of traffic flow to minimize delay in the national airspace system},
  booktitle    = {Control Applications, 1992., First IEEE Conference on},
  year         = {1992},
  pages        = {435--437},
  organization = {IEEE},
}

@Misc{bodin2007navigating,
  author    = {Bodin, William Kress and Redman, Jesse and Thorson, Derral Charles},
  title     = {Navigating a UAV with obstacle avoidance algorithms},
  month     = jun #{~5},
  year      = {2007},
  note      = {US Patent 7,228,232},
  publisher = {Google Patents},
}

@Misc{kennedy1995resolution,
  author    = {Kennedy Jr, Thomas W and Fenstermaker, Donald F},
  title     = {Resolution advisory display instrument for TCAS guidance},
  month     = jan #{~17},
  year      = {1995},
  note      = {US Patent 5,382,954},
  publisher = {Google Patents},
}

@Misc{blaskovich2007declutter,
  author    = {Blaskovich, Jon A and McCauley, Stephen G},
  title     = {Declutter of graphical TCAS targets to improve situational awareness},
  month     = dec #{~11},
  year      = {2007},
  note      = {US Patent 7,307,578},
  publisher = {Google Patents},
}


@InCollection{gomola2017probabilistic,
  author    = {Gomola, Alojz and Klang, Pavel and Ludvik, Jan},
  title     = {Probabilistic approach in data fusion for obstacle avoidance framework based on Reach sets},
  booktitle = {Internal publication collection},
  publisher = {Honeywell},
  year      = {2017},
  pages     = {1--93},
}

@Article{Sabatini2014,
  author    = {Sabatini, Roberto and Gardi, Alessandro and Richardson, M},
  title     = {LIDAR obstacle warning and avoidance system for unmanned aircraft},
  journal   = {International Journal of Mechanical, Aerospace, Industrial and Mechatronics Engineering},
  year      = {2014},
  volume    = {8},
  number    = {4},
  pages     = {718--729},
  publisher = {World Academy of Science, Engineering and Technology},
}

@inproceedings{vsantin2011combined,
  title={Combined partial conjugate gradient and gradient projection solver for MPC},
  author={{\v{S}}antin, Ond{\v{r}}ej and Havlena, Vladimir},
  booktitle={Control Applications (CCA), 2011 IEEE International Conference on},
  pages={1270--1275},
  year={2011},
  organization={IEEE}
}

@techreport{pin1990autonomous,
  title={Autonomous trajectory generation for mobile robots with non-holonomic and steering angle constraints},
  author={Pin, Frangois G and Vasseur, Hubert A},
  year={1990},
  institution={Oak Ridge National Lab.}
}

@article{andrzejak2001epileptic,
  title={The epileptic process as nonlinear deterministic dynamics in a stochastic environment: an evaluation on mesial temporal lobe epilepsy},
  author={Andrzejak, Ralph G and Widman, G and Lehnertz, K and Rieke, C and David, P and Elger, CE},
  journal={Epilepsy research},
  volume={44},
  number={2-3},
  pages={129--140},
  year={2001},
  publisher={Elsevier}
}

@article{kuwata2009real,
  title={Real-time motion planning with applications to autonomous urban driving},
  author={Kuwata, Yoshiaki and Teo, Justin and Fiore, Gaston and Karaman, Sertac and Frazzoli, Emilio and How, Jonathan P},
  journal={IEEE Transactions on Control Systems Technology},
  volume={17},
  number={5},
  pages={1105--1118},
  year={2009},
  publisher={IEEE}
}

@inproceedings{gomola2017obstacle,
  title={Obstacle Avoidance Framework Based on Reach Sets},
  author={Gomola, Alojz and de Sousa, Jo{\~a}o Borges and Pereira, Fernando Lobo and Klang, Pavel},
  booktitle={Iberian Robotics conference},
  pages={768--779},
  year={2017},
  organization={Springer}
}

@article{fossen2011mathematical,
  title={Mathematical models for control of aircraft and satellites},
  author={Fossen, Thor I},
  journal={Department of Engineering Cybernetics Norwegian University of Science and Technology},
  year={2011}
}

@InProceedings{ramasamy2014avionics,
  author       = {Ramasamy, Subramanian and Sabatini, Roberto and Gardi, Alessandro},
  title        = {Avionics sensor fusion for small size unmanned aircraft sense-and-avoid},
  booktitle    = {Metrology for Aerospace (MetroAeroSpace), 2014 IEEE},
  year         = {2014},
  pages        = {271--276},
  organization = {IEEE},
}

@InProceedings{gardi2014real,
  author       = {Gardi, Alessandro and Sabatini, Roberto and Ramasamy, Subramanian and Kistan, Trevor},
  title        = {Real-Time Trajectory Optimisation Models for Next Generation Air Traffic Management Systems},
  booktitle    = {Applied Mechanics and Materials},
  year         = {2014},
  volume       = {629},
  pages        = {327--332},
  organization = {Trans Tech Publ},
}

@Misc{kramer1977gyro,
  author    = {Kramer, Manuel and Dapprich, Douglas J},
  title     = {Gyro stabilized inertial reference system with gimbal lock prevention means},
  month     = oct #{~4},
  year      = {1977},
  note      = {US Patent 4,052,654},
  publisher = {Google Patents},
}

@Article{huerta2013integration,
  author  = {Huerta, Michael},
  title   = {Integration of civil unmanned aircraft systems (UAS) in the national airspace system (NAS) roadmap},
  journal = {Federal Aviation Administration, Retrieved Dec},
  year    = {2013},
  volume  = {19},
  pages   = {2013},
}

@InProceedings{gardi2015automated,
  author       = {Gardi, Alessandro and Sabatini, Roberto and Ramasamy, Subramanian and Marino, Matthew and others},
  title        = {Automated ATM system for 4-dimensional trajectory based operations},
  booktitle    = {AIAC16: 16th Australian International Aerospace Congress},
  year         = {2015},
  pages        = {190},
  organization = {Engineers Australia},
}

@Article{johansenetal2018surveyCommunicaiton,
  author    = {Zolich, Artur and Palma, David and Kansanen, Kimmo and Fjørtoft, Kay and Sousa, João and H. Johansson, Karl and Jiang, Yuming and Dong, Hefeng and Johansen, Tor},
  title     = {Survey on Communication and Networks for Autonomous Marine Systems},
  journal   = {Journal of Intelligent \& Robotic Systems},
  year      = {2018},
  pages     = {tba},
  month     = {04},
  booktitle = {Journal of Intelligent \& Robotic Systems},
}

@Article{nex2014uav,
  author    = {Nex, Francesco and Remondino, Fabio},
  title     = {UAV for 3D mapping applications: a review},
  journal   = {Applied geomatics},
  year      = {2014},
  volume    = {6},
  number    = {1},
  pages     = {1--15},
  publisher = {Springer},
}

@Article{how2008real,
  author    = {How, Jonathan P and BEHIHKE, BRETT and Frank, Adrian and Dale, Daniel and Vian, John},
  title     = {Real-time indoor autonomous vehicle test environment},
  journal   = {IEEE control systems},
  year      = {2008},
  volume    = {28},
  number    = {2},
  pages     = {51--64},
  publisher = {IEEE},
}

@InProceedings{girard2004border,
  author       = {Girard, Anouck R and Howell, Adam S and Hedrick, J Karl},
  title        = {Border patrol and surveillance missions using multiple unmanned air vehicles},
  booktitle    = {Decision and Control, 2004. CDC. 43rd IEEE Conference on},
  year         = {2004},
  volume       = {1},
  pages        = {620--625},
  organization = {IEEE},
}

@InProceedings{andrade2017autonomous,
  author       = {Andrade, Fabio AA and Storvold, Rune and Johansen, Tor Arne},
  title        = {Autonomous UAV surveillance of a ship's path with MPC for maritime situational awareness},
  booktitle    = {Unmanned Aircraft Systems (ICUAS), 2017 International Conference on},
  year         = {2017},
  pages        = {633--639},
  organization = {IEEE},
}

@Article{klausen2017nonlinear,
  author    = {Klausen, Kristian and Fossen, Thor I and Johansen, Tor Arne},
  title     = {Nonlinear control with swing damping of a multirotor UAV with suspended load},
  journal   = {Journal of Intelligent \& Robotic Systems},
  year      = {2017},
  volume    = {88},
  number    = {2-4},
  pages     = {379--394},
  publisher = {Springer},
}

@InProceedings{katz2017reluplex,
  author       = {Katz, Guy and Barrett, Clark and Dill, David L and Julian, Kyle and Kochenderfer, Mykel J},
  title        = {Reluplex: An efficient SMT solver for verifying deep neural networks},
  booktitle    = {International Conference on Computer Aided Verification},
  year         = {2017},
  pages        = {97--117},
  organization = {Springer},
}

@Article{ramasamy2016lidar,
  author    = {Ramasamy, Subramanian and Sabatini, Roberto and Gardi, Alessandro and Liu, Jing},
  title     = {LIDAR obstacle warning and avoidance system for unmanned aerial vehicle sense-and-avoid},
  journal   = {Aerospace Science and Technology},
  year      = {2016},
  volume    = {55},
  pages     = {344--358},
  publisher = {Elsevier},
}

@Article{lee2002collision,
  author    = {Lee, John D and McGehee, Daniel V and Brown, Timothy L and Reyes, Michelle L},
  title     = {Collision warning timing, driver distraction, and driver response to imminent rear-end collisions in a high-fidelity driving simulator},
  journal   = {Human factors},
  year      = {2002},
  volume    = {44},
  number    = {2},
  pages     = {314--334},
  publisher = {Sage Publications Sage CA: Los Angeles, CA},
}

@InProceedings{miller2002adaptive,
  author       = {Miller, Ronald and Huang, Qingfeng},
  title        = {An adaptive peer-to-peer collision warning system},
  booktitle    = {Vehicular technology conference, 2002. VTC Spring 2002. IEEE 55th},
  year         = {2002},
  volume       = {1},
  pages        = {317--321},
  organization = {IEEE},
}

@InProceedings{thomas2005effects,
  author       = {Thomas, Lisa C and Wickens, Christopher D and Savoy, IL},
  title        = {Effects of CDTI display dimensionality and conflict geometry on conflict resolution performance},
  booktitle    = {Proceedings of the 13th International Symposium on Aviation Psychology},
  year         = {2005},
  organization = {Citeseer},
}

@InProceedings{williams1983self,
  author       = {Williams, David H},
  title        = {Self-separation in terminal areas using CDTI},
  booktitle    = {Proceedings of the Human Factors Society Annual Meeting},
  year         = {1983},
  volume       = {27},
  number       = {9},
  pages        = {772--776},
  organization = {Sage Publications Sage CA: Los Angeles, CA},
}

@Article{rutledge2006nomads,
  author  = {Rutledge, Glenn K and Alpert, Jordan and Ebisuzaki, Wesley},
  title   = {NOMADS: A climate and weather model archive at the National Oceanic and Atmospheric Administration},
  journal = {Bulletin of the American Meteorological Society},
  year    = {2006},
  volume  = {87},
  number  = {3},
  pages   = {327--341},
}

@Article{koetse2009impact,
  author    = {Koetse, Mark J and Rietveld, Piet},
  title     = {The impact of climate change and weather on transport: An overview of empirical findings},
  journal   = {Transportation Research Part D: Transport and Environment},
  year      = {2009},
  volume    = {14},
  number    = {3},
  pages     = {205--221},
  publisher = {Elsevier},
}

@Article{thompson2017numerical,
  author  = {Thompson, Gregory and Politovich, Marcia K and Rasmussen, Roy M},
  title   = {A Numerical Weather Model’s Ability to Predict Characteristics of Aircraft Icing Environments},
  journal = {Weather and Forecasting},
  year    = {2017},
  volume  = {32},
  number  = {1},
  pages   = {207--221},
}

@Article{smith2016multi,
  author  = {Smith, Travis M and Lakshmanan, Valliappa and Stumpf, Gregory J and Ortega, Kiel L and Hondl, Kurt and Cooper, Karen and Calhoun, Kristin M and Kingfield, Darrel M and Manross, Kevin L and Toomey, Robert and others},
  title   = {Multi-Radar Multi-Sensor (MRMS) severe weather and aviation products: Initial operating capabilities},
  journal = {Bulletin of the American Meteorological Society},
  year    = {2016},
  volume  = {97},
  number  = {9},
  pages   = {1617--1630},
}

@Article{yamashita2015climate,
  author  = {Yamashita, Hiroshi and Grewe, Volker and J{\"o}ckel, Patrick and Linke, Florian and Schaefer, M and Sasaki, D},
  title   = {Climate impact assessment of routing strategies: Interactive air traffic in a climate model},
  journal = {Climate Proceedings},
  year    = {2015},
}

@Article{gerdes2016dynamic,
  author  = {Gerdes, Ingrid and Temme, Annette and Schultz, Michael},
  title   = {Dynamic airspace sectorization using controller task load},
  journal = {Sixth SESAR Innovation Days},
  year    = {2016},
}

@Article{ghosal1995dynamic,
  author    = {Ghosal, Sandip and Lund, Thomas S and Moin, Parviz and Akselvoll, Knut},
  title     = {A dynamic localization model for large-eddy simulation of turbulent flows},
  journal   = {Journal of Fluid Mechanics},
  year      = {1995},
  volume    = {286},
  pages     = {229--255},
  publisher = {Cambridge University Press},
}

@InProceedings{balaban2017dynamic,
  author    = {Balaban, Edward and Roychoudhury, Indranil and Spirkovska, Lilly and Sankararaman, Shankar and Kulkarni, Chetan S and Daigle, Matthew},
  title     = {Dynamic Routing of Aircraft in Presence of Adverse Weather Using a POMDP Framework},
  booktitle = {17\textsuperscript{th} AIAA Aviation Technology, Integration, and Operations Conference},
  year      = {2017},
  pages     = {3429},
}

@InCollection{valavanis2015uav,
  author    = {Valavanis, Kimon P and Vachtsevanos, George J},
  title     = {UAV Sense, Detect and Avoid: Introduction},
  booktitle = {Handbook of Unmanned Aerial Vehicles},
  publisher = {Springer},
  year      = {2015},
  pages     = {1813--1816},
}

@Book{united1983pilots,
  title     = {Pilots' Role in Collision Avoidance},
  publisher = {US Department of Transportation, Federal Aviation Administration},
  year      = {1983},
  author    = {United States. Federal Aviation Administration},
  number    = {48},
  series    = {1},
}

@InCollection{welzl1991smallest,
  author    = {Welzl, Emo},
  title     = {Smallest enclosing disks (balls and ellipsoids)},
  booktitle = {New results and new trends in computer science},
  publisher = {Springer},
  year      = {1991},
  pages     = {359--370},
}


@article{blanchini1999set,
  title={Set invariance in control},
  author={Blanchini, Franco},
  journal={Automatica},
  volume={35},
  number={11},
  pages={1747--1767},
  year={1999},
  publisher={Elsevier}
}

@inproceedings{plaisant2002spacetree,
  title={Spacetree: Supporting exploration in large node link tree, design evolution and empirical evaluation},
  author={Plaisant, Catherine and Grosjean, Jesse and Bederson, Benjamin B},
  booktitle={Information Visualization, 2002. INFOVIS 2002. IEEE Symposium on},
  pages={57--64},
  year={2002},
  organization={IEEE}
}

@article{mingers1989empirical,
  title={An empirical comparison of pruning methods for decision tree induction},
  author={Mingers, John},
  journal={Machine learning},
  volume={4},
  number={2},
  pages={227--243},
  year={1989},
  publisher={Springer}
}


@inproceedings{goerzen2009survey,
  title={A survey of motion planning algorithms from the perspective of autonomous UAV guidance},
  author={Goerzen, Chad and Kong, Zhaodan and Mettler, Bernard},
  booktitle={Selected papers from the 2nd International Symposium on UAVs, Reno, Nevada, USA June 8--10, 2009},
  pages={65--100},
  year={2009},
  organization={Springer}
}

@inproceedings{julian2016policy,
  title={Policy compression for aircraft collision avoidance systems},
  author={Julian, Kyle D and Lopez, Jessica and Brush, Jeffrey S and Owen, Michael P and Kochenderfer, Mykel J},
  booktitle={Digital Avionics Systems Conference (DASC), 2016 IEEE/AIAA 35th},
  pages={1--10},
  year={2016},
  organization={IEEE}
}

@article{shively2018uas,
  title={UAS Integration in the NAS: Detect and Avoid},
  author={Shively, Jay},
  year={2018}
}


@inproceedings{ljungqvist2017lattice,
  title={Lattice-based Motion Planning for a General 2-trailer system},
  author={Ljungqvist, Oskar and Evestedt, Niclas and Cirillo, Marcello and Axehill, Daniel and Holmer, Olov},
  booktitle={Intelligent Vehicles Symposium (IV), 2017 IEEE},
  pages={819--824},
  year={2017},
  organization={IEEE}
}

@inproceedings{lim2018energy,
  title={ENERGY EFFICIENT 4D TRAJECTORIES FOR TERMINAL DESCENT OPERATIONS},
  author={Lim, Yixiang and Gardi, Alessandro and Sabatini, Roberto},
  booktitle={International Symposium on Sustainable Aviation},
  year={2018}
}

@article{gardi2018multi,
  title={Multi-Objective 4D Trajectory Optimization for Integrated Avionics and Air Traffic Management Systems},
  author={Gardi, Alessandro and Sabatini, Roberto and Kistan, Trevor},
  journal={IEEE Transactions on Aerospace and Electronic Systems},
  year={2018},
  publisher={IEEE}
}

@inproceedings{ljungqvist2016path,
  title={Path following control for a reversing general 2-trailer system},
  author={Ljungqvist, Oskar and Axehill, Daniel and Helmersson, Anders},
  booktitle={Decision and Control (CDC), 2016 IEEE 55th Conference on},
  pages={2455--2461},
  year={2016},
  organization={IEEE}
}

@inproceedings{evestedt2016path,
  title={Path tracking and stabilization for a reversing general 2-trailer configuration using a cascaded control approach},
  author={Evestedt, Niclas and Ljungqvist, Oskar and Axehill, Daniel},
  booktitle={Intelligent Vehicles Symposium (IV), 2016 IEEE},
  pages={1156--1161},
  year={2016},
  organization={IEEE}
}

@article{pivtoraiko2009differentially,
  title={Differentially constrained mobile robot motion planning in state lattices},
  author={Pivtoraiko, Mihail and Knepper, Ross A and Kelly, Alonzo},
  journal={Journal of Field Robotics},
  volume={26},
  number={3},
  pages={308--333},
  year={2009},
  publisher={Wiley Online Library}
}

@article{urmson2008william,
  title={William “Red” Whittaker},
  author={Urmson, Chris and Anhalt, Joshua and Bagnell, Drew and Baker, Christopher and Bittner, Robert and Clark, MN and Dolan, John and Duggins, Dave and Galatali, Tugrul and Geyer, Chris and others},
  journal={Ziv Wolkowicki, Jason Ziglar, Hong Bae, Thomas Brown, Daniel Demitrish, Bakhtiar Litkouhi, Jim Nickolaou, Varsha Sadekar, Wende Zhang, Joshua Struble, Michael Taylor, Michael Darms, Dave Ferguson, Autonomous driving in urban environments: Boss and the Urban Challenge, Journal of Field Robotics},
  volume={25},
  number={8},
  pages={425--466},
  year={2008}
}

@inproceedings{cirillo2017videogames,
  title={From videogames to autonomous trucks: A new algorithm for lattice-based motion planning},
  author={Cirillo, Marcello},
  booktitle={Intelligent Vehicles Symposium (IV), 2017 IEEE},
  pages={148--153},
  year={2017},
  organization={IEEE}
}

@article{houska2011acado,
  title={ACADO toolkit—An open-source framework for automatic control and dynamic optimization},
  author={Houska, Boris and Ferreau, Hans Joachim and Diehl, Moritz},
  journal={Optimal Control Applications and Methods},
  volume={32},
  number={3},
  pages={298--312},
  year={2011},
  publisher={Wiley Online Library}
}

@inproceedings{takahashi1996reasonable,
  title={Reasonable performance in less learning time by real robot based on incremental state space segmentation},
  author={Takahashi, Yasutake and Asada, Minoru and Hosoda, Koh},
  booktitle={Intelligent Robots and Systems' 96, IROS 96, Proceedings of the 1996 IEEE/RSJ International Conference on},
  volume={3},
  pages={1518--1524},
  year={1996},
  organization={IEEE}
}

@inproceedings{ryan2005mode,
  title={A mode-switching path planner for UAV-assisted search and rescue},
  author={Ryan, Allison and Hedrick, J Karl},
  booktitle={Decision and Control, 2005 and 2005 European Control Conference. CDC-ECC'05. 44th IEEE Conference on},
  pages={1471--1476},
  year={2005},
  organization={IEEE}
}

@article{kaminer1998trajectory,
  title={Trajectory tracking for autonomous vehicles: An integrated approach to guidance and control},
  author={Kaminer, Isaac and Pascoal, Antonio and Hallberg, Eric and Silvestre, Carlos},
  journal={Journal of Guidance, Control, and Dynamics},
  volume={21},
  number={1},
  pages={29--38},
  year={1998}
}

@article{murillo2015generalized,
  title={Generalized nonlinear optimal predictive control using iterative state-space trajectories: Applications to autonomous flight of UAVs},
  author={Murillo, Marina H and Limache, Alejandro C and Fredini, Pablo S Rojas and Giovanini, Leonardo L},
  journal={International Journal of Control, Automation and Systems},
  volume={13},
  number={2},
  pages={361--370},
  year={2015},
  publisher={Springer}
}

@inproceedings{richards2004hybrid,
  title={A hybrid A-star automaton approach to on-line path planning with obstacle avoidance},
  author={Richards, Nathan and Sharma, Manu and Ward, David},
  booktitle={AIAA 1st Intelligent Systems Technical Conference},
  pages={6229},
  year={2004}
}

@inproceedings{marconi2009control,
  title={A control framework for robust practical tracking of hybrid automata},
  author={Marconi, Lorenzo and Naldi, Roberto and Gentili, Luca},
  booktitle={Decision and Control, 2009 held jointly with the 2009 28th Chinese Control Conference. CDC/CCC 2009. Proceedings of the 48th IEEE Conference on},
  pages={661--666},
  year={2009},
  organization={IEEE}
}



@inproceedings{dong2011hybrid,
  title={A hybrid approach of virtual force and A* search algorithm for UAV path re-planning},
  author={Dong, Zhuoning and Chen, Zongji and Zhou, Rui and Zhang, Rulin},
  booktitle={Industrial Electronics and Applications (ICIEA), 2011 6th IEEE Conference on},
  pages={1140--1145},
  year={2011},
  organization={IEEE}
}

@article{pappas2000hierarchically,
  title={Hierarchically consistent control systems},
  author={Pappas, George J and Lafferriere, Gerardo and Sastry, Shankar},
  journal={IEEE transactions on automatic control},
  volume={45},
  number={6},
  pages={1144--1160},
  year={2000},
  publisher={IEEE}
}

@article{dubins1957curves,
  title={On curves of minimal length with a constraint on average curvature, and with prescribed initial and terminal positions and tangents},
  author={Dubins, Lester E},
  journal={American Journal of mathematics},
  volume={79},
  number={3},
  pages={497--516},
  year={1957},
  publisher={JSTOR}
}

@article{reeds1990optimal,
  title={Optimal paths for a car that goes both forwards and backwards},
  author={Reeds, James and Shepp, Lawrence},
  journal={Pacific journal of mathematics},
  volume={145},
  number={2},
  pages={367--393},
  year={1990},
  publisher={Mathematical Sciences Publishers}
}

@incollection{soueres1998optimal,
  title={Optimal trajectories for nonholonomic mobile robots},
  author={Sou{\`e}res, Philippe and Boissonnat, J-D},
  booktitle={Robot motion planning and control},
  pages={93--170},
  year={1998},
  publisher={Springer}
}

@article{lavalle1998rapidly,
  title={Rapidly-exploring random trees: A new tool for path planning},
  author={LaValle, Steven M},
  year={1998},
  publisher={Citeseer}
}

@article{sussmann1983lie,
  title={Lie brackets, real analyticity and geometric control},
  author={Sussmann, H{\'e}ctor J},
  journal={Differential geometric control theory},
  volume={27},
  pages={1--116},
  year={1983},
  publisher={Birkhauser Boston}
}

@article{pinto2012implementation,
  title={Implementation of a control architecture for networked vehicle systems},
  author={Pinto, Jos{\'e} and Calado, Pedro and Braga, Jos{\'e} and Dias, Paulo and Martins, Ricardo and Marques, Eduardo and Sousa, JB},
  journal={IFAC Proceedings Volumes},
  volume={45},
  number={5},
  pages={100--105},
  year={2012},
  publisher={Elsevier}
}


@inproceedings{mishra2008maze,
  title={Maze solving algorithms for micro mouse},
  author={Mishra, Swati and Bande, Pankaj},
  booktitle={Signal Image Technology and Internet Based Systems, 2008. SITIS'08. IEEE International Conference on},
  pages={86--93},
  year={2008},
  organization={IEEE}
}

@article{elshamarka2012design,
  title={Design and implementation of a robot for maze-solving using flood-fill algorithm},
  author={Elshamarka, Ibrahim and Saman, Abu Bakar Sayuti},
  journal={International Journal of Computer Applications},
  volume={56},
  number={5},
  year={2012},
  publisher={Citeseer}
}

@article{chatelais2014maze,
  title={Maze Solving by an Autonomous Robot},
  author={Chatelais, Quentin and Vultur, Horatiu and Kanellis, Emmanouil},
  journal={Aalborg University},
  year={2014}
}

@BOOKLET {airbusUTM2018blueprint,
    title        = "The roadmap for the safe integration of autonomous aircraft",
    author       = "Balakrishnan, Karthik and  Polastre, Joe and Mooberry, Jessie and Golding, Richard and Sachs, Peter",
    howpublished = "Blueprint for the sky - Airbus",
    address      = "www.utmblueprint.com",
    month        = "sep",
    year         = "2018"
}

@TECHREPORT {andrewhately2018,
    author      = "Andrew Hately",
    title       = "Concept of Operations for U-space",
    institution = "EUROCONTROL",
    year        = "2018",
    type        = "Exploratory Research Call",
    month       = "sep"
}

@article{standard1986recommended,
  title={Recommended Practices},
  author={Standard, AAMI},
  journal={Operation of Aircraft, Annex},
  volume={6},
  year={1986}
}

@Misc{marston2015acas,
  author = {Marston, Mike and Baca, Gabe},
  title  = {ACAS-Xu initial self-separation flight tests},
  year   = {2015},
}


@article{ritter1990efficient,
  title={An efficient bounding sphere},
  author={Ritter, Jack},
  journal={Graphics gems},
  volume={1},
  pages={301--303},
  year={1990},
  publisher={Academic Press San Diego}
}

@inproceedings{bilimoria2005analysis,
  title={Analysis of aircraft clusters to measure sector-independent airspace congestion},
  author={Bilimoria, Karl and Lee, Hilda},
  booktitle={AIAA 5th ATIO and16th Lighter-Than-Air Sys Tech. and Balloon Systems Conferences},
  pages={7455},
  year={2005}
}


@inproceedings{brinton2008airspace,
  title={Airspace partitioning using flight clustering and computational geometry},
  author={Brinton, CR and Pledgie, S},
  booktitle={Digital Avionics Systems Conference, 2008. DASC 2008. IEEE/AIAA 27th},
  pages={3--B},
  year={2008},
  organization={IEEE}
}


@article{fouladvand2004characteristics,
  title={Characteristics of vehicular traffic flow at a roundabout},
  author={Fouladvand, M Ebrahim and Sadjadi, Zeinab and Shaebani, M Reza},
  journal={Physical Review E},
  volume={70},
  number={4},
  pages={046132},
  year={2004},
  publisher={APS}
}

@inproceedings{mauro2010potential,
  title={Potential accident rate of turbo-roundabouts},
  author={Mauro, Raffaele and Cattani, Marco},
  booktitle={4th International Symposium on Highway Geometric DesignPolytechnic University of ValenciaTransportation Research Board},
  year={2010}
}

@inproceedings{zimmer2011rule,
  title={Rule-based NOTAM \& Weather notification},
  author={Zimmer, Nico and Schiefele, Jens and Bayram, Keyvan and Hankers, Theo and Frank, Sebastian and Feuerle, Thomas},
  booktitle={Integrated Communications, Navigation and Surveilance Conference (ICNS), 2011},
  pages={O1--1},
  year={2011},
  organization={IEEE}
}

@inproceedings{prevot2016uas,
  title={UAS traffic management (UTM) concept of operations to safely enable low altitude flight operations},
  author={Prevot, Thomas and Rios, Joseph and Kopardekar, Parimal and Robinson III, John E and Johnson, Marcus and Jung, Jaewoo},
  booktitle={16th AIAA Aviation Technology, Integration, and Operations Conference},
  pages={3292},
  year={2016}
}

@misc{zimmer2014selective,
  title={Selective weather notification},
  author={Zimmer, Nico and Bayram, Keyvan},
  year={2014},
  month=mar # "~18",
  publisher={Google Patents},
  note={US Patent 8,674,850}
}

@TechReport{icao4444,
  author      = {ICAO},
  title       = {4444: Procedures for Air Navigation Services},
  institution = {ICAO},
  year        = {2018},
  journal     = {Air Traffic Management},
}

@article{subotic2007recovery,
  title={Recovery from Equipment Failures in Air Traffic Control (ATC): The Findings from an International Survey of Controllers},
  author={Subotic, Branka and Majumdar, Arnab and Ochieng, Washington Y},
  journal={Air Traffic Control Quarterly},
  volume={15},
  number={2},
  pages={157--181},
  year={2007},
  publisher={American Institute of Aeronautics and Astronautics, Inc.}
}
@TechReport{icaoAnnex2,
  author      = {ICAO},
  title       = {Annex 2 (Rules of the Air)},
  institution = {ICAO},
  year        = {2018},
}

@TechReport{icaoAnnex11,
  author      = {ICAO},
  title       = {Annex 11 (Air Traffic Services)},
  institution = {ICAO},
  year        = {2018},
}


@inproceedings{santiago2015pilot,
  title={Pilot evaluation of a UAS detect-and-avoid system’s effectiveness in remaining well clear},
  author={Santiago, Confesor and Mueller, Eric R},
  booktitle={Eleventh UAS/Europe Air Traffic Management Research and Development Seminar (ATM2015)},
  year={2015}
}


@article{bentley1979algorithms,
  title={Algorithms for reporting and counting geometric intersections},
  author={Bentley, Jon Louis and Ottmann, Thomas A},
  journal={IEEE Transactions on computers},
  number={9},
  pages={643--647},
  year={1979},
  publisher={IEEE}
}

@inproceedings{shamos1976geometric,
  title={Geometric intersection problems},
  author={Shamos, Michael Ian and Hoey, Dan},
  booktitle={17th annual symposium on foundations of computer science},
  pages={208--215},
  year={1976},
  organization={IEEE}
}

@Comment{jabref-meta: databaseType:bibtex;}


@article{seyboth2013event,
  title={Event-based broadcasting for multi-agent average consensus},
  author={Seyboth, Georg S and Dimarogonas, Dimos V and Johansson, Karl H},
  journal={Automatica},
  volume={49},
  number={1},
  pages={245--252},
  year={2013},
  publisher={Elsevier}
}

@book{hill2003jess,
  title={Jess in action: Java rule-based systems},
  author={Hill, Ernest Friedman},
  year={2003},
  publisher={Manning Publications Co.}
}

@Book{lee2011structure,
  title     = {Structure and interpretation of signals and systems},
  publisher = {Lee \& Seshia},
  year      = {2011},
  author    = {Lee, Edward A},
}

@Book{butcher1987numerical,
  title     = {The numerical analysis of ordinary differential equations: Runge-Kutta and general linear methods},
  publisher = {Wiley-Interscience},
  year      = {1987},
  author    = {Butcher, John Charles},
}

@Article{shampine1997matlab,
  author    = {Shampine, Lawrence F and Reichelt, Mark W},
  title     = {The matlab ode suite},
  journal   = {SIAM journal on scientific computing},
  year      = {1997},
  volume    = {18},
  number    = {1},
  pages     = {1--22},
  publisher = {SIAM},
}

@InProceedings{yapo2008probabilistic,
  author       = {Yapo, Theodore C and Stewart, Charles V and Radke, Richard J},
  title        = {A probabilistic representation of LiDAR range data for efficient 3D object detection},
  booktitle    = {Computer Vision and Pattern Recognition Workshops, 2008. CVPRW'08. IEEE Computer Society Conference on},
  year         = {2008},
  pages        = {1--8},
  organization = {IEEE},
}

@Article{martin2011meteorological,
  author    = {Martin, S and Bange, J and Beyrich, F},
  title     = {Meteorological profiling of the lower troposphere using the research UAV" M 2 AV Carolo"},
  journal   = {Atmospheric Measurement Techniques},
  year      = {2011},
  volume    = {4},
  number    = {4},
  pages     = {705--716},
  publisher = {Copernicus GmbH},
}

@Article{chen2007airborne,
  author    = {Chen, Qi},
  title     = {Airborne LiDAR data processing and information extraction},
  journal   = {Photogrammetric engineering and remote sensing},
  year      = {2007},
  volume    = {73},
  number    = {2},
  pages     = {109},
  publisher = {ASPRS AMERICAN SOCIETY FOR PHOTOGRAMMETRY AND},
}

@Article{euler1775formulae,
  author  = {Euler, Leonhard},
  title   = {Formulae generales pro translatione quacunque corporum rigidorum},
  journal = {Novi Acad. Sci. Petrop},
  year    = {1775},
  volume  = {20},
  pages   = {189--207},
}

@Book{schaub2003analytical,
  title     = {Analytical mechanics of space systems},
  publisher = {Aiaa},
  year      = {2003},
  author    = {Schaub, Hanspeter and Junkins, John L},
}

@InProceedings{muraru2011critical,
  author    = {Muraru, Adrian},
  title     = {A Critical Analysis of Sense and Avoid Technologies for Modern UAVs},
  booktitle = {Mechanical, Industrial, and Manufacturing Engineering--Proceedings of 2011 International Conference on Mechanical, Industrial, and Manufacturing Engineering (MIME 2011)},
  year      = {2011},
}

@Article{lai2012see,
  author  = {Lai, John and Ford, Jason J and Mejias, Luis and O'Shea, Peter and Walker, Rod},
  title   = {See and Avoid Using Onboard Computer Vision},
  journal = {Sense and Avoid in UAS Research and Applications, Plamen Angelov (ed.), John Wiley and Sons, West Sussex, UK},
  year    = {2012},
}

@InProceedings{kochenderfer2008encounter,
  author       = {Kochenderfer, Mykel J and Espindle, Leo P and Griffith, J Daniel and Kuchar, James K},
  title        = {Encounter modeling for sense and avoid development},
  booktitle    = {2008 Integrated Communications, Navigation and Surveillance Conference},
  year         = {2008},
  pages        = {1--10},
  organization = {IEEE},
}

@Misc{jarus2016regulations,
  title        = {{JARUS} regulations},
  howpublished = {\url{http://jarus-rpas.org/regulations}},
  note         = {Accessed: 2018-10-28},
}

@article{kleinberg1998microeconomic,
  title={A microeconomic view of data mining},
  author={Kleinberg, Jon and Papadimitriou, Christos and Raghavan, Prabhakar},
  journal={Data mining and knowledge discovery},
  volume={2},
  number={4},
  pages={311--324},
  year={1998},
  publisher={Springer}
}

@inproceedings{homm2010efficient,
  title={Efficient occupancy grid computation on the GPU with lidar and radar for road boundary detection},
  author={Homm, Florian and Kaempchen, Nico and Ota, Jeff and Burschka, Darius},
  booktitle={Intelligent Vehicles Symposium (IV), 2010 IEEE},
  pages={1006--1013},
  year={2010},
  organization={IEEE}
}

@article{gupta2010comparative,
  title={Comparative analysis of clustering-based approaches for 3-D single tree detection using airborne fullwave lidar data},
  author={Gupta, Sandeep and Weinacker, Holger and Koch, Barbara},
  journal={Remote Sensing},
  volume={2},
  number={4},
  pages={968--989},
  year={2010},
  publisher={Molecular Diversity Preservation International}
}

@inproceedings{kurzhanskiy2006ellipsoidal,
  title={Ellipsoidal toolbox (ET)},
  author={Kurzhanskiy, Alex A and Varaiya, Pravin},
  booktitle={Decision and Control, 2006 45th IEEE Conference on},
  pages={1498--1503},
  year={2006},
  organization={IEEE}
}


@MASTERSTHESIS {cernamaria2018,
    author  = "Cerna, Maria",
    title   = "Usage of Maps Obtained by LIDAR in UAV Navigation",
    school  = "Institute of Automotive Mechatronics, Faculty of Electrical Engineering and Information Technology, Slovak University of Technology",
    year    = "2018",
    type    = "Master Thesis",
    address = "Ilkovicova 3, Bratislava. Slovak Republic",
    month   = "jun"
}

@Misc{corus2018,
  author       = {Hately, Andrew},
  title        = {{C}oncept of {O}perations for {U}-space},
  howpublished = {Eurocontrol draft.},
  month        = jun,
  year         = {2018},
}

@Misc{ec201208ref5,
  author       = {Commision, European},
  title        = {Regulation (EC) No 923/2012 of the European Parliament and of the Council of 26 September 2012 laying down common common rules of the air… Including amendment by Regulation (EC) No 1185/2016 of 20 July 2016},
  howpublished = {obtained from: \url{http://eur-lex.europa.eu/legalcontent/ EN/TXT/?uri=CELEX:02012R0923-20171012} on 11\textsuperscript{th} November 2018},
  month        = jul,
  year         = {2012},
}

@Misc{ec200802ref4,
  author       = {Commision, European},
  title        = {Regulation (EC) No 216/2008 of the European Parliament and of the Council of 20 February 2008 on common rules in the field of civil aviation and establishing a European Aviation Safety Agency},
  howpublished = {obtained from: \url{ http://eur-lex.europa.eu/legal-content/en/ALL/?uri=CELEX%3A32008R0216} on 11\textsuperscript{th} November 2018},
  month        = feb,
  year         = {2008},
}

@Misc{easa201801op,
  author       = {EASA},
  title        = {EASA opinion 01-2018},
  howpublished = {obtained from: \url{ https://www.easa.europa.eu/document-library/opinions/opinion- 012018} on 11\textsuperscript{th} November 2018},
  month        = jan,
  year         = {2018},
}

@inproceedings{cone2017uas,
  title={UAS Well Clear Recovery against Non-Cooperative Intruders using Vertical Maneuvers},
  author={Cone, Andrew C and Thipphavong, David P and Lee, Seung Man and Santiago, Confesor},
  booktitle={17th AIAA Aviation Technology, Integration, and Operations Conference},
  pages={4382},
  year={2017}
}

@article{lee2016wide,
  title={NAS-Wide Fast-Time Simulation Study for Evaluating Performance of UAS Detect-and-Avoid Alerting and Guidance Systems},
  author={Lee, Seung Man and Park, Chunki and Cone, Andrew Clayton and Thipphavong, David P and Santiago, Confesor},
  year={2016}
}

@article{thipphavong2017ensuring,
  title={Ensuring Interoperability between Unmanned Aircraft Detect-and-Avoid and Manned Aircraft Collision Avoidance},
  author={Thipphavong, David and Cone, Andrew and Lee, Seungman},
  year={2017}
}

@Misc{easa2016rpasroperegul,
  title={Prototype Commission Regulation on Unmanned Aircraft Operations},
  author={EASA},
  howpublished = {obtained from: \url{https://www.easa.europa.eu/sites/default/files/dfu/UAS%20Prototype%20Regulation%20final.pdf} on 14\textsuperscript{th} November 2018},
  month = aug,
  year={2016}
}

@Misc{eurocontrol2018rpasatm,
  title={Remotely Piloted Aircraft Systems ATM Concept of Operations},
  howpublished = {obtained from: \url{https://www.eurocontrol.int/publications/remotely-piloted-aircraft-systems-rpas-atm-concept-operations-conops} on 14\textsuperscript{th} November 2018},
  month = feb,
  year={2017}
}

@Misc{rulesOfTheFlight2012,
  title={COMMISSION IMPLEMENTING REGULATION (EU) No 923/2012},
  howpublished = {obtained from: \url{https://eur-lex.europa.eu/LexUriServ/LexUriServ.do?uri=OJ:L:2012:281:0001:0066:EN:PDF} on 15\textsuperscript{th} November 2018},
  month = feb,
  year={2017}
}

@misc{doc20068168,
  title={8168 OPS/611 Aircraft Operations: Procedures for Air Navigation Services-Volume II Construction of Visual and Instrument Flight Procedures},
  author={Doc, ICAO},
  year={2006},
  publisher={ICAO}
}

@misc{authority2013human,
  title={Human injury model for small unmanned aircraft impacts},
  author={Authority, Civil Aviation Safety},
  year={2013},
  publisher={Civil Aviation Safety Authority/Monash University}
}

@inproceedings{weibel2004safety,
  title={Safety considerations for operation of different classes of uavs in the nas},
  author={Weibel, Roland and Hansman, R John},
  booktitle={AIAA 4th Aviation Technology, Integration and Operations (ATIO) Forum},
  pages={6244},
  year={2004}
}

@book{cook2007european,
  title={European air traffic management: principles, practice, and research},
  author={Cook, Andrew},
  year={2007},
  publisher={Ashgate Publishing, Ltd.}
}

@misc{netalert2013n17,
  title={N17-ACAS X-the future of airborne collision avoidance},
  author={NETALERT, EUROCONTROL},
  year={2013},
  publisher={June}
}

@misc{annex200710,
  title={10-Vol. 4 - Aeronautical Telecommunications, Surveillance Radar and Collision Avoidance Systems},
  author={Annex, ICAO},
  year={2007},
  publisher={ICAO}
}